@misc{yata,
  title        = {YATA Algorithm Paper},
  author       = {TODO},
  year         = {2016},
  note         = {Replace with full bibliographic details}
}

@misc{leanyjs,
  title        = {Lean-Yjs: Formalizing Yjs Item Order in Lean},
  author       = {Your Name},
  year         = {2025},
  howpublished = {Project repository},
  note         = {Replace with the canonical citation}
}
